@unpublished{collatz,
author = "O'Connor, J. J. and Robertson, E. F.",
month = "November",
title = "{Lothar} {Collatz}",
year = "2006",
note = "\url{http://www-history.mcs.st-andrews.ac.uk/Biographies/Collatz.html}"
}
@unpublished{java_memory,
author = "Mikhail Vorontsov",
title = "An overview of memory saving techniques in {Java}",
year = "2013",
month = "June",
note = "\url{http://java-performance.info/overview-of-memory-saving-techniques-java/}"
}
@unpublished{web_performance,
author = "SolarWinds",
title = "Web Performance of the World's Top 100 E-Commerce Sites in 2018",
year = "2018",
month = "March",
note = "\url{https://royal.pingdom.com/web-performance-top-100-e-commerce-sites-in-2018/}"
}